<?xml version="1.0" encoding="UTF-8"?><collection xmlns="http://www.loc.gov/MARC21/slim"><record><leader>00382nam--2200157-i-4500</leader><controlfield tag="001">000020928</controlfield><controlfield tag="002">20161230</controlfield><controlfield tag="005">20161230201033</controlfield><controlfield tag="008">060222s1000------------r-----000-0-eng-d</controlfield><datafield ind1=" " ind2=" " tag="020"><subfield code="a">0-19-853</subfield></datafield><datafield ind1=" " ind2=" " tag="080"><subfield code="a">517.957</subfield></datafield><datafield ind1=" " ind2=" " tag="245"><subfield code="a">The nature of chaoas</subfield></datafield><datafield ind1=" " ind2=" " tag="260"><subfield code="a">Oxford, Clarendon Press, 1993. 314 P</subfield></datafield><datafield ind1=" " ind2=" " tag="490"><subfield code="a">Oxford Science Publications</subfield></datafield><datafield ind1=" " ind2=" " tag="700"><subfield code="a">Mullin, Tom</subfield></datafield><datafield ind1=" " ind2=" " tag="852"><subfield code="a">80275</subfield></datafield></record></collection>